<?xml version="1.0" encoding="UTF-8"?><collection xmlns="http://www.loc.gov/MARC21/slim"><record><leader>00457nam--2200145-i-4500</leader><controlfield tag="001">000009351</controlfield><controlfield tag="002">20161230</controlfield><controlfield tag="005">20161230201028</controlfield><controlfield tag="008">060222s1000------------r-----000-0-eng-d</controlfield><datafield ind1=" " ind2=" " tag="080"><subfield code="a">546.45:543</subfield></datafield><datafield ind1=" " ind2=" " tag="100"><subfield code="a">Batsanova, L.R.And Novoselova, A.V</subfield></datafield><datafield ind1=" " ind2=" " tag="245"><subfield code="a">Anallytical chemistru of beryllium translated by j.schmorak</subfield></datafield><datafield ind1=" " ind2=" " tag="260"><subfield code="a">Ann Arbor, Ann Arbor-humphrey Science Publishers, 1969 Vii + 225 P</subfield></datafield><datafield ind1=" " ind2=" " tag="490"><subfield code="a">Analytical Chemistry Of Elements</subfield></datafield><datafield ind1=" " ind2=" " tag="852"><subfield code="a">33096</subfield></datafield></record></collection>